<?xml version="1.0" encoding="UTF-8"?><record xmlns="http://www.loc.gov/MARC21/slim" xmlns:cinclude="http://apache.org/cocoon/include/1.0" xmlns:zs="http://www.loc.gov/zing/srw/">
  <leader>00408nz  a2200133n  4500</leader>
  <controlfield tag="001">nr2005002745</controlfield>
  <controlfield tag="003">DLC</controlfield>
  <controlfield tag="005">20050201033118.0</controlfield>
  <controlfield tag="008">050131n| acannaabn          |a aaa      </controlfield>
  <datafield tag="010" ind1=" " ind2=" ">
    <subfield code="a">nr2005002745</subfield>
  </datafield>
  <datafield tag="040" ind1=" " ind2=" ">
    <subfield code="a">DLC-R</subfield>
    <subfield code="b">eng</subfield>
    <subfield code="c">DLC-R</subfield>
  </datafield>
  <datafield tag="100" ind1="1" ind2=" ">
    <subfield code="a">Goldberg, A. D.</subfield>
    <subfield code="t">ʻAvodat Daṿid (Sukah)</subfield>
  </datafield>
  <datafield tag="400" ind1="1" ind2=" ">
    <subfield code="a">Goldberg, A. D.</subfield>
    <subfield code="t">Sefer ʻAvodat Daṿid</subfield>
  </datafield>
  <datafield tag="670" ind1=" " ind2=" ">
    <subfield code="a">Sefer ʻAvodat Daṿid, 2000 or 2001:</subfield>
    <subfield code="b">t.p. (ʻal Masekhet Sukah)</subfield>
  </datafield>
</record>